@string{ anch-ie = {Angew.~Chem. Int.~Ed.} }
@string{ cup     = {Cambridge University Press} }
@string{ dtv     = {Deutscher Taschenbuch-Verlag} }
@string{ hup     = {Harvard University Press} }
@string{ jams    = {J.~Amer. Math. Soc.} }
@string{ jchph   = {J.~Chem. Phys.} }
@string{ jomch   = {J.~Organomet. Chem.} }
@string{ pup     = {Princeton University Press} }

@BOOK{Silberschatz2005,
	AUTHOR = {Silberschatz, Abraham AND Galvin, Peter Baer AND Gagne, Greg},
	YEAR = {2005},
	TITLE = {Operating System Concepts},
	EDITION = {7. Auflage},
	ISBN = {978-0-471-69466-3},
	PUBLISHER = {John Wiley \& Sons},
	ADDRESS = {New York},
}
