% This file was created with JabRef 2.3.1.
% Encoding: Cp1252

@article{lakra,
  author      = {Sachin Lakra AND T. V. Prasad AND Deepak Kumar Sharma AND Shree Harsh Atrey AND Anubhav Kumar Sharma},
  title       = {Application of Fuzzy Mathematics to Speech-to-Text Conversion by Elimination of Paralinguistic Content},
  version     = {1},
  date        = {2012-09-20},
  eprinttype  = {arxiv},
  eprintclass = {cs.AI},
  eprint      = {http://arxiv.org/abs/1209.4535v1}
}

@MISC{Fateman06howcan,
    author = {Richard Fateman},
    title = {How can we speak math?},
    year = {2006},
    doi  = {10.1.1.73.5028},
    url  = {http://citeseerx.ist.psu.edu/viewdoc/summary?doi=10.1.1.73.5028},
}
