% Top Ten Tips for Bibliographies http://www.math.uiuc.edu/~hildebr/tex/bibliographies0.html

@book{dominik2010org,
  title={The Org Mode 7 Reference Manual-Organize your life with GNU Emacs},
  author={Dominik, Carsten},
  year={2010},
  publisher={Network Theory Ltd.}
}

@article{schulte2012multi,
  title={A multi-language computing environment for literate programming and reproducible research},
  author={Schulte, Eric and Davison, Dan and Dye, Thomas and Dominik, Carsten},
  journal={Journal of Statistical Software},
  volume={46},
  number={3},
  pages={1--24},
  year={2012},
  publisher={American Statistical Association}
}

@article{feichtinger1997direct,
  title={Direct Proof for $O=Mn^{V}$ (salen) Complexes},
  author={Feichtinger, Derek and Plattner, Dietmar A},
  journal={Angewandte Chemie International Edition in English},
  volume={36},
  number={16},
  pages={1718--1719},
  year={1997},
  publisher={Wiley Online Library}
}
